@inproceedings{Dinh:2012:CEM:2309996.2310024,
 author = {Dinh, Thang N. and Nguyen, Dung T. and Thai, My T.},
 title = {Cheap, Easy, and Massively Effective Viral Marketing in Social Networks: Truth or Fiction?},
 booktitle = {Proceedings of the 23rd ACM Conference on Hypertext and Social Media},
 series = {HT '12},
 year = {2012},
 isbn = {978-1-4503-1335-3},
 location = {Milwaukee, Wisconsin, USA},
 pages = {165--174},
 numpages = {10},
 url = {http://doi.acm.org/10.1145/2309996.2310024},
 doi = {10.1145/2309996.2310024},
 acmid = {2310024},
 publisher = {ACM},
 address = {New York, NY, USA},
 keywords = {approximation algorithm, hardness proof., influence propagation, power-law networks, social media},
}