@book{agnarsson2006graph,
  title={Graph Theory: Modeling, Applications, and Algorithms},
  author={Agnarsson, Geir and Greenlaw, Raymond},
  year={2006},
  publisher={Prentice-Hall, Inc.},
}
@inproceedings{cheap,
 author = {Dinh, Thang N. and Nguyen, Dung T. and Thai, My T.},
 title = {Cheap, Easy, and Massively Effective Viral Marketing in Social Networks: Truth or Fiction?},
 booktitle = {Proceedings of the 23rd ACM Conference on Hypertext and Social Media},
 series = {HT '12},
 year = {2012},
 isbn = {978-1-4503-1335-3},
 location = {Milwaukee, Wisconsin, USA},
 pages = {165--174},
 numpages = {10},
 url = {http://doi.acm.org/10.1145/2309996.2310024},
 doi = {10.1145/2309996.2310024},
 acmid = {2310024},
 publisher = {ACM},
 address = {New York, NY, USA},
 keywords = {approximation algorithm, hardness proof., influence propagation, power-law networks, social media},
}
@Article{diffusionmodels,
author="Valente, Thomas W.",
title="Network models of the diffusion of innovations",
journal="Computational {\&} Mathematical Organization Theory",
year="1996",
month="Jun",
day="01",
volume="2",
number="2",
pages="163--164",
issn="1572-9346",
doi="10.1007/BF00240425",
url="https://doi.org/10.1007/BF00240425"
}
@article{majority,
title = "Local majorities, coalitions and monopolies in graphs: a review",
journal = "Theoretical Computer Science",
volume = "282",
number = "2",
pages = "231 - 257",
year = "2002",
note = "FUN with Algorithms",
issn = "0304-3975",
doi = "https://doi.org/10.1016/S0304-3975(01)00055-X",
url = "http://www.sciencedirect.com/science/article/pii/S030439750100055X",
author = "David Peleg"
}
@inproceedings{Kempe,
 author = {Kempe, David and Kleinberg, Jon and Tardos, \'{E}va},
 title = {Maximizing the Spread of Influence Through a Social Network},
 booktitle = {Proceedings of the Ninth ACM SIGKDD International Conference on Knowledge Discovery and Data Mining},
 series = {KDD '03},
 year = {2003},
 isbn = {1-58113-737-0},
 location = {Washington, D.C.},
 pages = {137--146},
 numpages = {10},
 url = {http://doi.acm.org/10.1145/956750.956769},
 doi = {10.1145/956750.956769},
 acmid = {956769},
 publisher = {ACM},
 address = {New York, NY, USA},
 keywords = {approximation algorithms, diffusion of innovations, social networks, viral marketing},
}
@article{viralmarketing,
  title={What exactly is viral marketing},
  author={Jurvetson, Steve},
  journal={Red Herring},
  volume={78},
  pages={110--112},
  year={2000}
}
@article{threshold,
  title={Threshold models of collective behavior},
  author={Granovetter, Mark},
  journal={American journal of sociology},
  volume={83},
  number={6},
  pages={1420--1443},
  year={1978},
  publisher={University of Chicago Press}
}
@article{commercialrise,
  title={The rise of viral marketing through the new media of social media},
  author={Larson, Rebecca J},
  year={2009}
}
@article{vanoss,
  title={Most Popular YouTube Channels},
  author={Ha, Louisa},
  journal={The Audience and Business of YouTube and Online Videos},
  pages={135},
  year={2018},
  publisher={Rowman \& Littlefield}
}
@book{sponsoredvideos,
  title={The Audience and Business of YouTube and Online Videos},
  author={Abuljadail, Mohammad and Bi, Nicky Chang and Fisher, Alyssa and Joa, Claire Youngnyo and Kim, Kisun and Wen, Xiaoli and Zhang, Fiouna Ruonan},
  year={2018},
  publisher={Rowman \& Littlefield}
}
@inproceedings{Shakarian:2012:LSN:2456719.2457081,
 author = {Shakarian, Paulo and Paulo, Damon},
 title = {Large Social Networks Can Be Targeted for Viral Marketing with Small Seed Sets},
 booktitle = {Proceedings of the 2012 International Conference on Advances in Social Networks Analysis and Mining (ASONAM 2012)},
 series = {ASONAM '12},
 year = {2012},
 isbn = {978-0-7695-4799-2},
 pages = {1--8},
 numpages = {8},
 url = {http://dx.doi.org/10.1109/ASONAM.2012.11},
 doi = {10.1109/ASONAM.2012.11},
 acmid = {2457081},
 publisher = {IEEE Computer Society},
 address = {Washington, DC, USA},
 keywords = {social networks, viral marketing}
} 
@inproceedings{tipdecomp,
  title={Large social networks can be targeted for viral marketing with small seed sets},
  author={Shakarian, Paulo and Paulo, Damon},
  booktitle={Proceedings of the 2012 International Conference on Advances in Social Networks Analysis and Mining (ASONAM 2012)},
  pages={1--8},
  year={2012},
  organization={IEEE Computer Society}
}
@article{virads,
  title={Cost-effective viral marketing for time-critical campaigns in large-scale social networks},
  author={Dinh, Thang N and Zhang, Huiyuan and Nguyen, Dzung T and Thai, My T},
  journal={IEEE/ACM Transactions on Networking (ToN)},
  volume={22},
  number={6},
  pages={2001--2011},
  year={2014},
  publisher={IEEE Press}
}
@article{chen,
  title={On the approximability of influence in social networks},
  author={Chen, Ning},
  journal={SIAM Journal on Discrete Mathematics},
  volume={23},
  number={3},
  pages={1400--1415},
  year={2009},
  publisher={SIAM}
}
@book{NPhardness,
  title={Applied and Algorithmic Graph Theory},
  author={Chartrand, Oellermann},
  pages={51--51},
  year={1993}
}
@phdthesis{dreyer,
  title={Applications and variations of domination in graphs},
  author={Dreyer, Paul Andrew},
  year={2000},
  school={Citeseer}
}

@misc{datasets2,
  author       = {Jure Leskovec and Andrej Krevl},
  title        = {{SNAP Datasets}: {Stanford} Large Network Dataset Collection},
  howpublished = {\url{http://snap.stanford.edu/data}},
  month        = jun,
  year         = 2014
}
@misc{datasets1,
author = {R. Zafarani and H. Liu},
year = {2009},
title = {Social Computing Data Repository at {ASU}},
url = {http://socialcomputing.asu.edu},
institution = {Arizona State University, School of Computing, Informatics and Decision Systems Engineering}
} 
@article{3SAT,
title = "A simplified NP-complete satisfiability problem",
journal = "Discrete Applied Mathematics",
volume = "8",
number = "1",
pages = "85 - 89",
year = "1984",
issn = "0166-218X",
doi = "https://doi.org/10.1016/0166-218X(84)90081-7",
url = "http://www.sciencedirect.com/science/article/pii/0166218X84900817",
author = "Craig A. Tovey"
}


